@article{Sanchez_del_Rio_2015,
	doi = {10.1107/s1600576715002782},
	url = {https://doi.org/10.1107%2Fs1600576715002782},
	year = 2015,
	month = {mar},
	publisher = {International Union of Crystallography ({IUCr})},
	volume = {48},
	number = {2},
	pages = {477--491},
	author = {Manuel Sanchez del Rio and Nicolas Perez-Bocanegra and Xianbo Shi and Veijo Honkim√§ki and Lin Zhang},
	title = {Simulation of X-ray diffraction profiles for bent anisotropic crystals},
	journal = {Journal of Applied Crystallography}
}